2498 3329
1878 175 1952 226 ³¹

49 250 169 317 Hic
214 252 373 313 enim
405 244 546 312 verb
582 249 789 309 eximia
825 240 1074 306 Praesulis
1120 245 1306 324 pietas
1341 236 1532 326 digno
1582 235 1759 321 plane
1813 234 2051 302 theatro

47 333 413 424 lpeclataest
434 357 595 405 ‚cum
626 339 684 396 in
712 353 976 397 extremo
998 336 1130 394 vitae
1157 328 1484 392 discrimine
1512 330 1857 389 versaretur:
1899 325 2051 404 Quae

49 434 266 489 mentis
295 419 621 486 constantia
660 427 716 482 in
759 420 1000 482 diutina
1043 417 1228 481 morbi
1269 413 1751 484 conflifilationm
1796 432 1925 496 quae
1973 408 2049 472 le·

50 519 268 576 renitas
298 518 411 572 oris
432 559 446 582 ,
481 510 541 572 &
568 513 778 569 intima
804 530 938 569 cum
965 507 1098 568 Deo
1132 505 1452 568 voluntatis
1481 497 1873 587 conjuntffio?
1915 522 2058 563 con·

52 597 244 662 festim
274 594 634 680 Reipublicae
684 593 912 666 Patres,
957 615 1018 656 ut
1065 615 1196 656 eam
1234 610 1555 652 averterent
1588 590 2062 652 calamitatem...

52 691 113 750 in
156 690 280 769 ipso
322 685 464 746 Divi
501 683 696 745 Marci
737 681 1004 745 Delubro
1042 682 1319 762 Deiparae
1354 675 1610 763 effigiem
1654 674 1870 740 recludi
1906 721 1923 748 ‚
1990 694 2063 736 ac

55 780 244 859 retegi
278 770 532 856 jubent3
576 791 911 832 extremum
949 767 1166 848 semper
1197 764 1441 828 turbidis
1463 762 1627 828 rebus
1661 761 2068 847 praesidium-⁴,

56 860 120 926 &
155 859 499 945 graviilimis
534 856 976 920 imminentibus
1003 853 1175 916 malis
1218 854 1458 936 praesens
1499 850 1858 925 remedium,
1902 849 2072 933 cujus

65 971 184 1031 ope
203 970 338 1010 cum
372 943 884 1025 CAJETANUS
903 941 1268 1026 periculosoe
1289 940 1497 1003 morbo
1521 936 1657 1000 elYet
1679 957 1983 1007 recreatuS,
2006 933 2073 999 δε

69 1035 319 1097 Sacram
358 1032 439 1094 ad
473 1033 665 1094 Aram
705 1032 942 1113 supplex
979 1076 995 1101 ,
1037 1029 1356 1115 gratusque
1393 1024 1679 1090 beneficio
1711 1023 2080 1108 provolvere·

66 1141 192 1194 tur,
233 1116 501 1204 frequens
540 1117 693 1181 adeo
730 1124 788 1181 in
828 1116 1162 1198 Templum
1197 1115 1485 1178 nobilium
1529 1136 1751 1179 corona
1785 1159 1803 1185 ‚
1842 1134 1913 1175 ac
1955 1109 2080 1172 Ple-

64 1207 155 1272 bis
198 1206 522 1271 multitudo
554 1215 837 1270 convenit
877 1251 894 1278 ,
941 1227 1003 1270 ut
1049 1203 1201 1267 salus
1259 1202 1621 1286 Reipublicae
1676 1197 1946 1265 restituta
1991 1201 2076 1263 vi·

71 1295 348 1358 deretur.

246 1378 363 1444 Sed
398 1403 551 1465 pone
589 1381 712 1465 jam
740 1377 1166 1462 Sapientiffime
1208 1378 1309 1441 Vir
1344 1375 1502 1441 istius
1537 1376 1847 1438 Provinciae
1877 1379 2094 1458 ingen·

75 1486 160 1531 tes
186 1490 351 1533 curas
392 1516 407 1540 ,
455 1489 517 1529 ut
561 1474 845 1531 maximas
886 1464 1207 1529 Christiani
1240 1466 1416 1528 Orbis
1451 1465 1654 1527 Romae
1698 1465 1732 1527 ὲ
1774 1462 2096 1526 sublimiori

77 1557 213 1621 loco
248 1552 468 1619 trafiles
502 1603 520 1627 ,
563 1552 627 1618 &
672 1575 728 1616 te
761 1555 947 1618 Sacro
997 1553 1187 1638 Cetui
1241 1553 1545 1616 Praelulum
1595 1551 2101 1637 optatissimum...

75 1641 324 1706 reddas.
377 1642 582 1721 Quam
616 1645 906 1727 impigre,
942 1663 1124 1728 quam
1161 1639 1398 1705 solerter
1428 1663 1588 1703 novo
1629 1646 1759 1702 vitae
1802 1635 2100 1702 curriculo

78 1728 336 1793 institisti
371 1728 387 1791 Ξ
437 1727 760 1814 Epileopos
806 1731 1060 1793 arbitror
1083 1776 1098 1802 ‚
1134 1727 1196 1792 δι
1236 1727 1582 1791 Caenobitas
1630 1734 1846 1790 mirum
1883 1732 1945 1788 in
1975 1746 2103 1786 mo·

78 1818 223 1880 dum
263 1817 540 1879 exultalle
589 1840 722 1879 cum
771 1824 1025 1899 primum
1074 1816 1354 1900 vulgaret
1386 1837 1591 1878 rumor
1618 1860 1635 1889 ,
1684 1835 1743 1877 te
1787 1813 1823 1878 εὶ
1858 1814 2106 1877 Secretie

98 1905 373 1989 supremo
411 1901 724 1966 Tribunali
758 1905 881 1968 {ore
910 1956 926 1981 ‚
980 1910 1038 1966 in
1086 1925 1205 1988 quo
1241 1901 1502 1987 iplbrum
1536 1901 1718 1967 causae
1750 1920 2103 1988 agerentur.

87 1992 369 2076 Strepunt
417 2012 715 2055 conventu
762 2000 1033 2078 gentium
1071 1990 1222 2054 aedes
1266 2011 1413 2063 tuae‚
1445 1990 1725 2075 supplices
1755 1988 2106 2054 exhibentur

87 2087 540 2164 circumquaque
578 2077 795 2151 libelli,
827 2086 1101 2144 omnium
1136 2079 1316 2143 ferme
1351 2076 1771 2142 Tribunalium
1808 2083 2105 2162 negotia..

86 2164 284 2239 audis.
329 2172 474 2250 quin
527 2166 806 2249 garrulos
849 2169 1143 2231 interdum
1191 2162 1430 2229 fastidio
1470 2167 1660 2228 vultus
1691 2170 2055 2250 comprimas
2085 2210 2103 2239 ,

92 2274 291 2317 arceas
324 2254 633 2338 supercilio
668 2274 996 2318 metuentes
1029 2279 1046 2316 z
1095 2251 1696 2318 Eminentiffimorum
1731 2253 1967 2315 Patrum
2004 2249 2104 2317 de·

91 2349 261 2406 cretis
301 2341 766 2424 interpretandis
795 2366 924 2405 eam
974 2340 1218 2405 adhibes
1247 2340 1457 2415 fidem,
1494 2361 1556 2404 ut
1592 2361 1859 2405 neutram
1893 2345 1950 2407 in
1975 2360 2105 2423 par·

91 2448 212 2490 tem
248 2424 389 2514 styli
420 2435 508 2490 tui
543 2435 784 2513 aequitas
825 2430 1189 2516 propendeat
1214 2475 1229 2500 ,
1271 2452 1408 2492 eum
1448 2435 1704 2494 nitorem
1732 2478 1748 2504 ,
1795 2449 1858 2491 ut
1898 2433 1957 2489 in
1998 2429 2105 2493 ad·

92 2515 321 2579 verium
365 2515 517 2577 trahi
550 2539 672 2578 non
713 2517 998 2600 valeant3
1043 2516 1399 2600 singularem
1422 2517 1683 2603 denique
1704 2514 2100 2600 prudentiam,

93 2609 210 2689 qua
243 2603 451 2687 jurgiis
490 2601 791 2675 sedandis,
834 2628 955 2692 qua
992 2603 1267 2670 tollendis
1298 2601 1802 2675 dubitationibus,
1833 2624 1948 2690 qua
1974 2626 2103 2687 pro·

95 2689 322 2754 mendis
348 2689 630 2771 expeditis
661 2690 909 2757 consiliis
949 2691 1207 2777 praefers,
1232 2713 1296 2755 ut
1320 2713 1561 2777 propter
1593 2692 1953 2757 suaviffimos
1978 2715 2104 2756 mo·

100 2801 222 2846 res,
268 2774 617 2863 facilemque
653 2781 1014 2859 praesentiam
1049 2785 1261 2847 ameris
1293 2780 1371 2845 ab
1402 2778 1716 2859 omnibus,
1755 2803 1825 2845 ac
1859 2777 1976 2842 fine
1996 2779 2101 2845 ob-

100 2860 463 2929 treOEhttione
496 2864 783 2933 lauderis.
1815 2865 2014 2949 Quem
