2498 3329
1896 164 1976 218 29

79 252 314 323 gnante
338 278 355 307 ,
394 227 592 296 futura
640 247 763 292 erat
817 226 1072 296 obsidio.
1130 227 1440 293 Hermetes
1461 274 1478 303 ‚
1544 224 1890 305 Gnidones‚
1942 229 2076 303 Ma-

81 323 444 386 ximilianum
478 319 768 392 alterum,
797 317 1186 382 Christiernos
1220 316 1443 380 victura
1477 324 1717 379 nomina
1757 323 1883 401 quis
1907 328 2079 402 igno·
2113 354 2119 367 ι

85 430 178 472 rat
201 455 218 482 ,
250 414 348 491 qui
383 404 600 468 Castris
625 452 641 478 .
666 428 735 468 ac
771 406 1120 469 Ditionibus
1152 402 1469 470 honorifice
1504 404 1654 466 adeo
1675 454 1693 479 ‚
1722 428 1792 468 ac
1828 404 2082 467 liberali·
2115 439 2119 442 -

85 516 174 559 ter
218 493 502 558 cumulati
549 491 740 565 fuere,
772 515 831 558 ut
880 494 1212 574 Principum
1250 492 1582 575 diplomata
1612 498 1825 554 iterum
1850 539 1865 566 ‚
1905 510 2085 574 atque
2116 550 2119 551 γ

85 588 291 646 iterum
316 577 579 642 ledlitare
608 599 695 641 res
713 579 777 642 fit
799 578 1208 643 admirationis
1228 579 1398 661 plena
1422 578 1511 652 ,&
1536 579 1894 665 voluptatis.
1942 577 2088 640 Haee

89 667 227 732 mihi
248 666 572 730 delibanda
611 673 809 748 potins
836 687 1000 730 erant
1022 714 1038 740 ‚
1079 690 1261 753 quam
1295 665 1635 730 exornanda
1655 715 1670 740 ‚
1697 670 1774 730 ne
1804 663 2091 730 obliviosa.
2119 697 2122 699 ·

92 760 499 820 taciturnitate
529 755 1006 819 inumbrarentur
1044 750 1270 819 vetusta
1293 798 1307 825 ,
1335 777 1470 815 cum
1506 760 1755 818 recentia
1781 754 2122 816 clarissima-2

89 849 150 907 in
183 844 311 906 luce
343 839 662 905 versentur.
710 843 1012 912 Comitem
1054 841 1352 907 Ubertum
1382 864 1449 901 ex
1471 838 1801 923 Hii'panicis
1830 841 2095 925 Magna-

94 929 253 993 tibus
284 929 384 991 sub
421 930 626 992 oculos
673 928 949 992 habuistis
982 931 1331 1002 Auditores‚
1362 933 1461 1013 qui
1497 926 1571 989 ad
1609 926 2103 1013 Ulyfiponensem

94 1019 311 1082 Aulam
346 1016 552 1078 Caroli
603 1015 818 1101 Regis,
848 1040 916 1079 ac
967 1015 1193 1102 Jolephi
1231 1035 1358 1077 tum
1395 1016 1767 1095 Imperatoris
1807 1022 2104 1081 nominc-2

101 1103 432 1189 profefiius,
471 1103 553 1166 ad
585 1103 1076 1169 Barcinonenlem
1111 1101 1429 1166 incredibili
1471 1100 1697 1177 studio,
1732 1125 1801 1166 ac
1850 1103 2110 1167 benevo-

103 1195 283 1256 lentia
315 1189 462 1275 saepe
498 1212 805 1253 revocatus
831 1190 1130 1254 constanti
1165 1191 1316 1256 adeo
1347 1187 1504 1252 {ama
1531 1237 1545 1262 ‚
1578 1211 1757 1276 atque
1778 1197 2114 1256 omnium..

105 1283 368 1343 sermone
399 1277 726 1340 celebratus
760 1283 869 1341 fuit
894 1328 909 1353 ‚
934 1301 995 1344 ut
1039 1279 1294 1362 Regiam
1317 1277 1659 1361 Conjugem
1701 1277 2116 1341 Elisabeth-am.

105 1366 529 1430 Mediolanum
559 1366 983 1429 adventantem
1025 1372 1295 1430 comitari
1336 1371 1619 1450 propius,
1657 1371 1768 1428 iter
1811 1364 2128 1440 instruere.·

104 1454 168 1520 &
206 1460 266 1517 in
313 1451 707 1538 gerendarum
739 1457 936 1516 'terum
973 1455 1281 1517 consilium
1315 1453 1493 1536 deligi
1534 1473 1890 1516 mereretur.
2115 1499 2118 1502 Δ

127 1548 133 1554 '
278 1541 494 1602 Veritm
531 1540 674 1623 quid
713 1548 939 1625 generis
987 1542 1385 1622 splendorem,
1428 1539 1570 1624 CAJ
1587 1540 1893 1603 ETANO
1950 1537 2131 1604 nobb·

103 1632 253 1693 liora
279 1626 678 1714 praeseferente
713 1630 1052 1692 accuratius
1074 1625 1518 1692 consectamur?
1564 1629 1720 1692 Cum
1759 1627 1948 1692 adhuc
1970 1627 2117 1693 ado·-

105 1717 334 1781 l-esceret
356 1763 370 1787 ‚
398 1714 632 1777 facilem
670 1714 934 1777 indolem
954 1767 968 1788 ,
1000 1723 1300 1802 ingenium
1330 1711 1520 1778 flexile
1539 1765 1555 1789 ,
1584 1714 1972 1780 sinceritatem
1993 1719 2133 1779 ani·

104 1811 220 1878 mi,
263 1828 331 1867 ac
363 1823 632 1864 tenacem
670 1808 813 1887 aequi
851 1804 1225 1868 voluntatem
1251 1850 1264 1876 ,
1301 1808 1398 1887 qui
1441 1807 1503 1867 in
1538 1806 1662 1891 ejus
1696 1804 2122 1870 consuetudine

105 1912 272 1956 erant
295 1939 309 1963 ,
341 1889 825 1954 demirabantur:
872 1893 1115 1956 Arcano
1137 1891 1401 1978 quodam
1422 1913 1571 1956 nexu
1595 1893 1897 1956 Sodalium
1934 1891 2119 1959 corda.

107 1976 486 2043 demulcebat
526 2023 541 2048 ‚
600 1999 666 2039 ut
709 1999 955 2061 gravem
1005 2000 1347 2044 vererentur
1381 2027 1397 2053 ,
1446 2003 1677 2044 comem
1739 1979 2063 2070 diligerent
2097 2025 2114 2045 .

105 2067 364 2147 Quanta
407 2068 584 2148 porro
626 2086 856 2127 naturae
886 2067 1056 2129 donis
1086 2074 1372 2130 virtutum
1407 2065 1625 2131 semina
1654 2092 1725 2132 ex
1758 2078 1992 2153 optima
2029 2073 2116 2131 in·

107 2154 419 2219 stitutione
452 2152 852 2216 accesserunt?
904 2154 1008 2215 Vix
1044 2155 1413 2236 politioribus
1463 2155 1689 2227 litteris,
1725 2180 1793 2219 ac
1829 2158 2116 2222 severiori·

107 2240 216 2305 bus
249 2239 632 2304 facultatibus
673 2263 919 2324 operam
953 2248 1186 2305 naviter
1221 2241 1627 2328 impenderat,
1649 2267 1719 2308 ea
1756 2263 1962 2318 aetate‚
1993 2266 2115 2330 qua

81 2335 234 2392 ‘otio
279 2328 658 2413 pler-umque,
706 2351 776 2389 ac
810 2328 1227 2413 voluptatibus
1264 2331 1643 2418 indulgetur,
1685 2354 1822 2395 cura
1863 2330 1964 2416 ipfi
2005 2357 2116 2418 ap·

109 2417 298 2498 prime
337 2413 505 2492 fuitr
531 2436 599 2477 ατ
641 2415 723 2479 ad
771 2414 1197 2481 Ecclesiasticas
1235 2417 1569 2500 disciplinas
1603 2427 1868 2483 animum
1897 2419 2116 2505 adjice·

104 2523 226 2575 ret,
256 2501 495 2583 publicis
526 2501 778 2566 studeret
817 2504 1143 2568 commodis
1165 2555 1180 2581 ,
1220 2505 1282 2571 ὃ(
1321 2512 1381 2568 in
1409 2507 1710 2570 ortodoxae
1750 2507 2143 2593 Reipublicaef

105 2586 390 2653 institutis
430 2590 666 2662 octrlOS,
712 2613 1089 2678 mentemque
1128 2592 1450 2678 defigeret.
1494 2594 1657 2658 Hinc
1704 2602 1752 2658 ei
1801 2593 2111 2660 confilium

112 2677 392 2757 prudens,
421 2676 786 2763 &quaedam
819 2687 1022 2743 nativa
1058 2680 1342 2765 Majestas
1370 2687 1428 2743 in
1459 2684 1642 2746 oculis
1674 2683 2072 2747 translucebat
2095 2734 2114 2763 ,

111 2787 169 2829 ut
193 2771 206 2825 i
219 2765 378 2849 psum
402 2763 481 2840 ad
512 2767 1080 2844 lumnioshonorum
1103 2816 1118 2845 ,
1152 2772 1638 2860 dignitatumque
1672 2778 1866 2859 apices
1895 2777 2108 2852 optimi

1813 2863 2032 2947 quique
