2498 3329
414 190 492 248 68

296 291 592 356 tanquam
624 272 656 338 ὲ
701 270 931 357 specula
957 272 1190 361 lignum
1226 275 1620 360 praetulerunt,
1663 281 2064 351 imitationem
2099 281 2313 353 allecu-

297 379 393 427 ωε
423 358 490 425 fit
514 408 532 434 ,
560 382 624 425 ut
651 363 780 424 illos
814 359 1141 427 defiderare
1174 363 1536 430 desinamus.

473 447 637 513 Prius
667 446 947 533 equidem
980 451 1302 530 Imperium
1338 458 1484 518 inire
1515 452 1791 517 debueras
1819 452 2304 538 CAJETANE.

293 553 363 601 ut
388 531 611 599 diutius
642 541 993 621 imperares,
1023 535 1118 602 sed
1159 538 1590 621 providebitur,
1622 565 1696 604 ne
1728 542 1872 628 quid
1909 547 2168 609 amiseris
2190 597 2205 622 ‚
2249 546 2317 614 ὅτ

293 628 423 690 vita
451 624 728 710 longiore
761 622 1116 706 pensabitur,
1135 627 1298 712 quod
1317 633 1390 690 de
1414 636 1710 713 praeterito
1736 628 2070 712 perdidisti,
2093 632 2320 717 parum

291 716 447 775 enirn
486 708 749 782 interest,
777 709 1021 795 quando
1037 720 1269 794 caeperit
1290 762 1305 786 ‚
1336 714 1493 801 quod
1515 722 1831 779 terminum
1862 741 1982 781 non
2015 719 2314 805 habuerit3

290 798 501 881 Quare
522 821 624 863 vos
641 796 902 862 Praelides
922 847 938 873 ‚
965 798 1370 886 Custodelque
1405 802 1636 891 hujusce
1658 803 1938 868 Civitatis
1960 851 1976 876 ‚
2000 803 2065 871 ὅ(
2105 807 2317 870 Eccle-

287 886 380 951 ᾖε
402 888 566 952 Deos
579 884 980 972 deprecamur,
998 910 1059 952 ut
1078 886 1207 953 huic
1233 911 1336 974 per
1354 915 1453 955 vos
1475 891 1644 955 nobis
1659 891 1930 955 concello
1949 891 2215 958 Antistiti
2237 941 2253 969 ,
2276 893 2318 959 fi

288 999 412 1040 non
454 983 960 1060 perpetuitatem,
997 976 1205 1039 saltem
1231 977 1709 1063 longitudinem,
1741 979 1802 1044 δι
1831 980 2318 1046 incolumitatem

285 1062 561 1127 addatis.
611 1060 797 1128 Nulla
833 1061 869 1125 εὶ
915 1062 1081 1126 nobis
1115 1087 1380 1150 unquam
1416 1071 1628 1148 eripiat
1675 1066 1833 1140 dies,
1871 1068 2039 1132 nulla
2087 1091 2223 1134 eum
2269 1070 2308 1132 εἰ

277 1148 462 1215 ‘nobis
507 1146 746 1214 auferat
791 1158 1184 1215 commutatio
1210 1199 1227 1226 ‚
1276 1176 1382 1217 nec
1413 1154 1566 1218 alius
1610 1153 1695 1216 illi
1729 1153 2006 1218 transitus
2035 1153 2311 1219 decerna·

290 1257 426 1310 tur,
477 1260 661 1323 quam
708 1260 881 1309 tunc,
913 1261 1046 1301 cum
1076 1240 1110 1301 a
1142 1238 1292 1307 Sede
1337 1238 1628 1303 Ambrosii
1666 1239 1748 1303 ad
1788 1240 1999 1306 Sedem
2046 1243 2237 1317 Petri,
2277 1245 2315 1309 ὸ

292 1324 541 1390 iecunda
580 1324 771 1389 Roma
820 1323 896 1388 ad
934 1332 1182 1410 primam
1225 1331 1726 1416 commigraturus
1771 1327 1807 1391 εὶ
1850 1330 2018 1393 nobis
2062 1329 2314 1408 recedet,

292 1418 379 1476 ita
419 1435 484 1475 ut
521 1421 705 1476 etiam
741 1419 800 1475 in
834 1413 942 1477 hoc
968 1412 1135 1477 fratri
1172 1437 1275 1480 tuo
1307 1416 1535 1480 Carolo
1564 1422 1898 1499 comparari
1950 1417 2151 1502 pollis,
2194 1426 2313 1483 in...

287 1523 409 1582 qno
446 1498 615 1564 sicuti
651 1502 918 1566 delatam
954 1502 1196 1564 Caesaris
1233 1503 1592 1568 l'otestatem
1622 1508 1953 1577 intuemur,
1995 1512 2079 1569 ita
2125 1512 2313 1570 etiam

289 1586 387 1651 Te
425 1597 484 1650 in
526 1587 667 1650 Petri
706 1587 858 1652 Sede
898 1587 1116 1652 Christi
1158 1589 1485 1657 Servatoris
1522 1612 1789 1664 munere,
1841 1615 1912 1657 ac
1938 1592 2072 1657 loco
2103 1591 2315 1658 defun·

288 1696 535 1763 gentem
583 1676 877 1760 supplices
922 1700 1300 1740 veneremur.

464 1764 608 1827 Haee
649 1765 774 1826 sunt
824 1762 1157 1828 PRAESUL
1205 1763 1946 1841 EMINENTISSIME,
1980 1790 2108 1854 quae
2149 1766 2310 1836 istius

288 1848 654 1917 lllussrillimi
677 1850 923 1914 Ordinis
944 1860 1186 1916 nomine
1207 1855 1398 1917 dicere
1419 1859 1587 1936 potui
1604 1901 1620 1924 ‚
1642 1877 1764 1916 non
1800 1877 1874 1916 ea
1900 1902 1912 1924 ‚
1945 1878 2070 1942 qnae
2093 1855 2301 1933 debui,

288 1938 540 2001 aviculas
586 1935 871 2022 quasdam
911 1945 1176 2003 imitatus
1201 1986 1217 2016 ,
1258 1963 1388 2026 quae
1423 1964 1558 2005 cum
1599 1940 1740 2002 nihil
1789 1939 2016 2022 pollent
2059 1947 2309 2029 opulen-

289 2025 423 2100 tius,
458 2025 752 2107 plurumas
788 2028 909 2089 suas
954 2024 1032 2090 ad
1070 2027 1714 2114 rnagnificeutislimum
1746 2028 1962 2093 Delfici
2006 2033 2315 2114 Apollinis

289 2109 651 2193 Templum.
696 2110 837 2176 ficut
885 2111 948 2178 &
1003 2117 1155 2198 Apes
1185 2137 1346 2179 ceras
1390 2114 1554 2190 ibas»,
1597 2140 1667 2180 ac
1708 2118 1887 2178 mella
1923 2118 2306 2204 detulerunt3

289 2199 384 2265 Sic
418 2198 477 2263 ὃ(
519 2225 630 2265 nce
660 2200 736 2263 ad
770 2202 884 2265 haee
924 2223 1010 2265 tot
1056 2205 1261 2289 gloriae
1296 2226 1410 2265 ωε
1450 2207 1677 2267 lumina
1715 2203 1819 2267 bas
1847 2203 2156 2290 gestientis
2176 2212 2304 2270 ani·

293 2293 373 2350 mi
409 2285 865 2373 fignificationes
893 2289 1309 2377 adjungimus;
1355 2291 1633 2355 Poterant
1668 2292 1941 2379 equidem
1978 2294 2079 2366 alii
2111 2291 2304 2363 feeilse

293 2376 807 2462 magnificentius,
836 2403 942 2446 nos
974 2383 1132 2445 cene
1165 2377 1313 2442 nibil
1351 2379 1647 2465 pollumus
1676 2385 2002 2453 amantius.
