2498 3329
419 201 500 264 64

317 270 893 337 mendabiliusl’atre
925 271 1097 346 Tuo,
1118 296 1182 336 ae
1210 269 1459 346 Patruo,
1492 293 1742 359 quorum
1773 272 2092 349 memoria,
2128 293 2317 362 arque

315 359 717 425 recordatione
747 368 827 422 ita
867 360 1109 422 Civium
1147 366 1326 422 animi
1355 382 1720 433 recreantur,
1751 381 1811 422 ut
1857 363 2095 424 illorum
2142 364 2319 441 affila,

316 447 522 520 res,&
560 470 748 511 mores
769 448 907 511 nihil
950 448 1111 509 aliud
1132 446 1236 510 [int
1260 492 1273 517 ‚
1313 472 1494 533 quam
1531 447 1763 512 Nobilis
1793 448 1957 513 Civis
1983 447 2321 526 instruRio,

320 533 401 598 ad
450 556 701 619 quorum
735 534 1006 618 exempla
1043 533 1332 598 efformati
1375 537 1451 620 ij,
1481 542 1575 621 qui
1610 535 1899 617 supersunt
1939 558 2173 617 propria
2200 559 2314 600 vir-

317 642 442 686 tute
472 625 597 710 jam
642 620 911 702 praestant
938 671 953 696 ,
1000 644 1104 705 per
1135 646 1258 706 quae
1279 624 1544 685 Avorum
1582 622 1725 685 fides
1754 621 2226 695 sublevetut,ita
2251 643 2319 688 ut

315 732 442 795 quae
475 707 553 773 ab
589 709 714 771 aliis
740 706 903 773 facia
940 708 1050 771 effe
1089 718 1177 771 vix
1213 709 1538 783 credimus,
1588 710 1664 772 ab
1698 706 1810 772 istis
1846 712 1972 796 jam
2011 710 2134 772 fieri
2168 731 2321 796 gau·

315 799 584 860 deamus.
636 795 716 860 Ut
754 803 911 858 enim
931 793 1086 858 faces
1118 803 1319 883 ignem
1342 798 1560 861 allidua
1581 797 1945 862 concuffione
1963 794 2319 872 custodiunt,

313 884 615 947 dimillum
652 884 954 968 aegerrime
979 904 1297 966 reparant,
1321 890 1403 949 ita
1442 893 1623 948 etiam
1660 884 1939 957 Nobiles,
1971 882 2034 949 ὅ(
2058 882 2316 950 Illustres

309 971 554 1037 familia:
586 971 850 1043 virtutis,
891 994 960 1034 ac
996 972 1202 1059 gloriae
1239 979 1687 1037 continuatione
1727 969 2035 1038 servantur
2064 977 2323 1037 interca·

318 1055 566 1143 pedine,
606 1057 669 1124 &
718 1057 880 1144 quasi
928 1060 1254 1122 remilsione
1303 1060 1737 1148 languescunt.
2161 1106 2163 1108 .

489 1146 607 1210 Sed
653 1147 842 1211 sentio
883 1149 1010 1231 jam
1060 1170 1150 1206 me
1190 1145 1269 1208 ad
1302 1146 1546 1211 fratrem
1586 1172 1750 1212 tuum
1787 1146 2079 1211 Carolum
2118 1149 2245 1227 rapi
2291 1190 2311 1219 ,

312 1231 390 1298 de
426 1257 547 1319 quo
579 1234 815 1320 quidem
856 1235 1086 1298 summo
1126 1233 1264 1295 Viro
1297 1237 1486 1296 multa
1520 1234 1769 1300 dicenda
1806 1234 2022 1310 ellent,
2071 1231 2111 1296 fi
2153 1234 2314 1298 illius

314 1325 496 1386 virtus
550 1341 833 1387 contenta
876 1320 1010 1383 esset
1060 1322 1401 1404 eloquentia
1450 1322 1635 1387 i'oeculi
1684 1318 1861 1384 nostri
1894 1370 1909 1393 ,
1964 1345 2068 1385 nec
2124 1326 2321 1408 jam..

312 1409 481 1472 aliud
524 1408 885 1473 laudationis
920 1432 1106 1490 genus
1140 1406 1478 1489 superelset,
1528 1435 1706 1495 quam
1742 1407 1782 1472 fi
1819 1407 2153 1496 aliquando
2191 1408 2316 1473 dm.-

311 1495 421 1557 illo
470 1494 629 1559 silere
668 1503 1040 1582 incipiamus.
1105 1495 1270 1575 Quid
1295 1504 1450 1560 enim
1486 1497 1783 1561 sublimius
1824 1496 1932 1558 illo
1971 1493 2258 1558 Parmensi
2298 1540 2317 1566 ,

316 1581 780 1666 Placentinoque
828 1592 1005 1647 totius
1055 1582 1315 1663 Europae
1363 1586 1716 1656 Conventu‚
1770 1590 1832 1645 in
1869 1607 1990 1668 quo
2025 1581 2126 1646 Tu
2164 1582 2316 1646 solus

313 1669 666 1733 CAROLE
716 1673 1097 1759 Magnarum
1140 1671 1415 1745 Urbium,
1451 1697 1517 1736 ac
1556 1672 1910 1757 populorum
1940 1673 2072 1756 jura
2116 1669 2314 1752 pensa·

313 1755 420 1820 bas
464 1767 650 1821 caeteri
684 1758 1065 1821 Somniorum
1106 1758 1432 1840 Principum
1468 1760 1686 1845 Legati
1730 1760 1847 1820 Viri
1898 1759 2172 1820 omnibus
2207 1779 2312 1821 nu-

314 1850 486 1906 meris
526 1845 779 1909 absoluti
817 1847 971 1908 senia
1013 1845 1154 1909 Tua
1201 1846 1375 1908 avide
1411 1847 2029 1935 excipiebantfoculis,
2075 1844 2311 1908 animis-

313 1939 505 2016 quein
533 1932 622 1997 Te
643 1957 823 1995 unum
847 1931 1134 1997 conversis
1154 1981 1167 1995 .
1214 1932 1417 2020 AEquis
1450 1958 1714 2021 unquam
1739 1955 1908 1998 tanta
1933 1933 2144 2017 polluit
2175 1952 2311 2003 ,aut

313 2040 593 2093 αντε-,εισι
623 2028 820 2108 gratia
845 2042 938 2093 ,ut
964 2021 1121 2083 sciret
1159 2023 1389 2085 ocultos
1408 2023 1737 2106 Principum
1773 2021 1952 2084 sensus
1973 2020 2066 2094 ,&
2091 2018 2324 2082 abditu-

316 2107 567 2170 aliorum
585 2108 825 2173 confilia
850 2107 1093 2192 perscrut
1108 2114 1193 2169 ari
1213 2157 1227 2181 ,
1246 2106 1505 2184 lecretaS,
1527 2110 1900 2194 obscurasque
1917 2112 2141 2193 cogita-t
2156 2115 2318 2170 iones

316 2194 553 2257 illorum
576 2202 792 2268 rimari,
824 2196 1031 2281 quibus
1050 2195 1138 2257 hic
1160 2220 1309 2259 unus
1328 2218 1449 2259 erat
1472 2222 1690 2281 metus,
1710 2222 1780 2259 ne
1801 2197 2075 2282 intelligi,
2114 2214 2210 2256 aut
2232 2199 2318 2256 in·

320 2280 593 2367 relligere
619 2281 1005 2345 viderentur?
1048 2282 1147 2343 Tu
1177 2289 1386 2346 intima
1421 2286 1664 2349 illorum
1687 2277 2318 2354 meditamenta‚obfi·

319 2390 627 2454 gnaraque
661 2369 919 2433 sensuum
957 2370 1199 2432 latebris
1220 2378 1467 2458 negotia
1495 2373 1861 2459 percipiebas
1881 2396 1947 2435 ea
1967 2368 2165 2434 fraetus
2197 2391 2322 2430 ma·

321 2459 472 2519 xime
504 2460 821 2538 prudentiae
855 2457 1273 2541 simplicitate,
1330 2482 1635 2545 perquam
1671 2484 1859 2524 rerum
1892 2464 2078 2522 exitus
2118 2460 2315 2537 praevi·

321 2543 568 2618 dentur,
605 2545 1342 2629 praecaventurambageS,
1371 2545 1618 2633 &justae
1651 2551 2090 2612 Dominationis
2107 2541 2315 2608 funda·

320 2653 521 2694 menta
544 2631 911 2704 statuuntur,
939 2656 1055 2695 non
1076 2654 1274 2696 autem
1293 2655 1380 2705 ea,
1412 2630 2055 2718 cui(utcum1uuenale
2078 2629 2314 2715 loquar)

321 2740 442 2782 non
484 2720 677 2783 audeo
700 2718 889 2782 dicere
922 2742 1169 2791 nomen,
1207 2725 1268 2783 in
1290 2745 1407 2804 quo
1425 2721 1660 2806 quidem
1681 2719 2102 2807 Augustiffimo
2120 2718 2316 2780 Thea·

323 2823 418 2871 tro
445 2805 748 2897 Magnum
799 2807 1158 2873 consumatae
1203 2812 1267 2874 in
1311 2806 1662 2877 ordinandis
1710 2833 1904 2876 rerum
1940 2806 2313 2961 publifcarum

2118 2914 2232 2958 atis
