2498 3329
2037 193 2078 244 6

173 264 314 331 satis
353 263 680 353 prudentiae
727 261 1157 329 documentum
1205 260 1539 351 relinquens
1571 269 1658 333 ira
1711 205 2115 353 supergressus5
2135 292 2196 337 e·

173 355 435 439 gloriam
457 353 687 424 Tuam,
714 375 772 415 ut
798 350 930 414 nibil
957 352 1324 437 sequentibus
1353 358 1525 418 annis
1560 351 1869 419 relicturus
1886 357 2053 432 effes,
2076 381 2197 444 quo

171 446 463 528 majorem
507 441 625 503 Tui
665 445 919 504 nominis
939 439 1166 504 famam
1208 461 1473 521 parares,
1520 441 1626 506 nisi
1664 443 2005 506 Mantuana
2031 443 2191 510 Urbs

177 553 286 611 per
320 530 413 591 Te
442 528 725 591 servanda
757 535 1098 614 gramineas
1127 526 1403 592 Coronas
1423 525 1570 592 Tuae
1605 528 1947 612 impositura
1979 529 2185 608 fronti,

173 615 272 678 Te
312 614 421 679 suae
458 613 746 679 libertatis
780 614 1106 687 vindicem,
1152 639 1225 678 ac
1273 636 1785 701 propugnatorem
1813 617 2192 703 expefflaiset,

174 707 236 768 in
276 704 383 767 hac
414 709 571 767 enim
614 726 734 766 non
771 723 1009 767 tantum
1042 727 1162 766 una
1201 702 1439 766 Civitas
1479 703 1714 768 defensa
1750 703 1836 768 est
1873 755 1887 779 ‚
1935 705 2028 770 sed
2067 707 2192 771 Ita·

175 790 263 853 liae
282 812 479 855 arcem
507 839 521 864 ,
551 790 793 875 Imperii
831 792 1354 877 propugnaculum
1376 839 1392 857 ,
1417 792 1808 855 conclamatis
1847 796 2028 875 prope
2059 797 2190 879 jam

173 877 520 943 Germaniae
564 888 766 954 rebus,
808 877 869 943 &
910 887 968 941 in
1004 882 1249 941 exitium
1293 925 1309 952 ‚
1350 900 1420 942 ac
1458 882 1693 940 ruinam
1736 881 2192 964 properantibus

170 969 329 1050 pene
364 965 445 1029 ab
481 971 730 1030 interitu
754 963 1064 1029 vindicasti
1094 1009 1106 1022 .
1156 963 1257 1028 Tu
1286 962 1577 1050 quidquid
1608 966 1687 1031 ab
1721 969 1848 1030 aliis
1874 989 2184 1051 peccatum

170 1051 257 1116 est
294 1053 507 1116 bellica
547 1060 803 1127 virtute,
850 1051 912 1118 &
957 1052 1217 1116 Militari
1255 1051 1631 1117 solicitudine
1678 1054 1955 1135 reparasti
1989 1104 2003 1127 ,
2052 1056 2186 1121 hinc

167 1139 272 1204 fiet
323 1161 384 1204 ut
428 1141 769 1205 Mantuana
807 1138 1065 1206 defensio
1109 1136 1176 1201 fit
1227 1162 1655 1228 argumentum
1690 1139 1966 1206 felicioris
2008 1142 2183 1206 histo-

163 1232 305 1300 τίκ,
350 1226 412 1292 δε
462 1251 755 1314 quantum
791 1229 918 1291 aliis
962 1228 1230 1290 Ducibus
1270 1274 1284 1301 ,
1339 1228 1402 1292 &
1458 1229 1930 1314 Imperatoribus
1971 1233 2181 1295 attulit

170 1315 382 1400 gloriar
421 1323 717 1398 praeterito
760 1317 964 1379 saeculo
991 1317 1147 1378 illius
1183 1323 1591 1400 expugnatio,
1627 1337 1804 1379 tanto
1832 1323 2022 1404 magis
2040 1343 2181 1384 ven·

174 1410 326 1465 turis
379 1405 646 1467 aetatibns
707 1405 991 1467 illustrior
1035 1411 1142 1466 erit
1188 1426 1288 1485 pet·
1330 1403 1424 1466 Te
1459 1404 1678 1468 nedum
1724 1405 1978 1488 suscepta
2017 1454 2033 1480 ,
2085 1406 2186 1472 {ed

178 1489 435 1575 praestita
467 1495 838 1554 conservatio
858 1542 872 1565 ‚
908 1513 1087 1575 atque
1109 1490 1405 1553 utilissima
1427 1500 1874 1573 comparatione
1899 1501 2185 1560 virtutum

169 1598 406 1641 tuarum
456 1578 873 1661 pulcherrimus
905 1577 1178 1660 splendor
1205 1578 1684 1664 jucundissimum
1706 1579 2187 1665 spefflaculum..

164 1662 297 1728 seris
331 1665 664 1749 Neporibus
692 1665 1107 1750 reprelentabir
1133 1711 1148 1727 .
1194 1665 1308 1727 sed
1335 1666 1599 1730 dividere
1632 1674 1784 1730 inter
1807 1693 1906 1732 vos
1941 1671 2042 1731 Dii
2076 1676 2183 1732 im·

171 1753 459 1816 mortales
497 1752 781 1816 beneficia
829 1753 925 1815 sua
968 1779 1086 1818 non
1127 1753 1387 1836 poliunt,
1418 1756 1707 1841 quidquid
1747 1755 2010 1819 alterutri
2042 1777 2183 1842 prae·

162 1838 389 1914 statur,
420 1841 729 1904 amborum
770 1839 853 1904 est
880 1891 895 1915 ‚
929 1841 1069 1905 dum
1103 1846 1263 1904 enim
1311 1848 1545 1926 utrique
1581 1844 1659 1905 ad
1694 1844 1949 1927 gloriam
1991 1844 2184 1907 diver·

164 1928 229 1988 so
268 1934 475 1991 itinere
516 1977 530 2001 ,
578 1930 674 1992 led
719 1935 842 2011 pari
880 1929 1208 2010 cupiditate
1240 1927 1624 1993 contendistis
1661 1979 1674 2006 ,
1717 1930 1851 1996 fecit
1891 1929 1981 1993 hic
2012 1930 2184 1995 forti·

166 2015 411 2087 ter‚ille
438 2017 769 2100 sapienter.
823 2018 1031 2096 Quam
1073 2015 1255 2078 fidum
1289 2015 1678 2103 fraternumq3
1716 2017 1824 2081 fuit
1857 2017 2181 2084 vestrum...

169 2124 279 2184 pro
322 2104 730 2189 consequenda
767 2104 960 2190 gloria
1012 2102 1270 2166 studium
1308 2150 1322 2176 ‚
1367 2127 1546 2190 quam
1603 2128 1808 2168 mutua
1849 2104 2182 2186 praestitistis

166 2195 436 2250 omniurn
476 2199 758 2253 virtutum
805 2189 1054 2263 Offitia‚
1090 2213 1270 2277 atque
1309 2198 1558 2254 invicem
1600 2192 1837 2256 auxistis
1867 2193 2175 2274 exemplo,

166 2276 271 2340 ille
293 2275 430 2339 Tibi
466 2276 837 2342 ostendendo
872 2279 1140 2341 militaris
1170 2280 1377 2362 gloriae
1414 2279 1692 2362 trophea,
1742 2279 1842 2342 Tu
1875 2280 1963 2341 illi
1995 2278 2178 2342 lerva·

165 2384 275 2436 tae,
321 2363 515 2429 aufilae
555 2364 877 2452 Religionis
913 2363 1355 2438 testimonia,&
1381 2368 1648 2450 exempla
1672 2416 1688 2442 ,
1729 2367 1829 2430 Tu
1865 2367 2178 2429 ostenden-

164 2450 249 2512 do
309 2452 654 2518 Melitenses
696 2504 711 2529 ,
753 2479 825 2516 ac
874 2455 1125 2515 Venetas
1162 2452 1532 2537 Legationes
1570 2505 1585 2528 ,
1631 2455 1732 2516 ille
1773 2455 2178 2534 expeditiones

164 2538 550 2624 Hispanicum
595 2542 656 2606 &
708 2543 947 2621 plenam
981 2540 1224 2602 Caesaris
1260 2541 1617 2624 potestatem
1651 2542 1813 2624 supra
1852 2541 2177 2603 Beneficia·

167 2633 317 2698 rios,
349 2627 642 2714 clienteiq3
678 2629 1030 2693 Germanici
1076 2629 1312 2711 imperii
1348 2630 1629 2712 Principes
1673 2637 1733 2691 in
1770 2630 1945 2692 Italia
1988 2631 2177 2691 admi-

163 2711 479 2779 nissratam
504 2764 518 2787 ,
543 2742 703 2803 aequa
743 2721 965 2800 semper
998 2717 1374 2780 aemulatione
1405 2718 1756 2788 concordes,
1776 2716 1836 2781 &
1865 2716 2024 2801 quod
2042 2740 2174 2778 orn·

170 2808 232 2870 ni
260 2807 777 2894 conlanguinitatc
794 2810 1010 2872 certius
1044 2802 1128 2872 est
1159 2854 1176 2879 ,
1221 2806 1534 2873 virtutibus
1562 2805 1772 2874 iratres
1805 2852 1822 2882 ,
1861 2815 1946 2869 ita
1987 2828 2046 2865 ut
2096 2802 2178 2882 id,

1161 2894 1190 2960 l
1929 2891 2094 2979 quod
